<?xml version="1.0" encoding="UTF-8"?><collection xmlns="http://www.loc.gov/MARC21/slim"><record><leader>00434nam--2200157-i-4500</leader><controlfield tag="001">000050287</controlfield><controlfield tag="002">20161230</controlfield><controlfield tag="005">20170204185005</controlfield><controlfield tag="008">060222s1000------------r-----000-0-eng-d</controlfield><datafield ind1=" " ind2=" " tag="100"><subfield code="a">Bariahtar, V. G</subfield></datafield><datafield ind1=" " ind2=" " tag="245"><subfield code="a">K teorii vysokochastotnoi magnitnoi vospriimichivosti odnoosnyh ferromagnetikov</subfield></datafield><datafield ind1=" " ind2=" " tag="260"><subfield code="a">Harkov</subfield><subfield code="b">Fiz.Teh.Inst</subfield><subfield code="c">1963</subfield></datafield><datafield ind1=" " ind2=" " tag="300"><subfield code="a">20s</subfield></datafield><datafield ind1=" " ind2=" " tag="700"><subfield code="a">Peletminskii, S. V</subfield></datafield><datafield ind1=" " ind2=" " tag="852"><subfield code="a">9283</subfield></datafield><datafield ind1=" " ind2=" " tag="CAT"><subfield code="a">SYS</subfield><subfield code="c">20170204</subfield><subfield code="h">185005</subfield></datafield></record></collection>